%YAML 1.1
%TAG !u! tag:unity3d.com,2011:
--- !u!1 &4299389652948795979
GameObject:
  m_ObjectHideFlags: 0
  m_CorrespondingSourceObject: {fileID: 0}
  m_PrefabInstance: {fileID: 0}
  m_PrefabAsset: {fileID: 0}
  serializedVersion: 6
  m_Component:
  - component: {fileID: 4299389652948795977}
  - component: {fileID: 4299389652948795978}
  m_Layer: 0
  m_Name: PowerUpSpawner
  m_TagString: Untagged
  m_Icon: {fileID: 0}
  m_NavMeshLayer: 0
  m_StaticEditorFlags: 0
  m_IsActive: 0
--- !u!4 &4299389652948795977
Transform:
  m_ObjectHideFlags: 0
  m_CorrespondingSourceObject: {fileID: 0}
  m_PrefabInstance: {fileID: 0}
  m_PrefabAsset: {fileID: 0}
  m_GameObject: {fileID: 4299389652948795979}
  m_LocalRotation: {x: 0, y: 0, z: 0, w: 1}
  m_LocalPosition: {x: 0, y: 0, z: 0}
  m_LocalScale: {x: 1, y: 1, z: 1}
  m_Children:
  - {fileID: 8070732815819549377}
  - {fileID: 8070732814876168704}
  - {fileID: 8070732816046726642}
  - {fileID: 8070732816219817002}
  m_Father: {fileID: 0}
  m_RootOrder: 0
  m_LocalEulerAnglesHint: {x: 0, y: 0, z: 0}
--- !u!114 &4299389652948795978
MonoBehaviour:
  m_ObjectHideFlags: 0
  m_CorrespondingSourceObject: {fileID: 0}
  m_PrefabInstance: {fileID: 0}
  m_PrefabAsset: {fileID: 0}
  m_GameObject: {fileID: 4299389652948795979}
  m_Enabled: 1
  m_EditorHideFlags: 0
  m_Script: {fileID: 11500000, guid: cbe770a8d5149414e9186d381f695004, type: 3}
  m_Name: 
  m_EditorClassIdentifier: 
  PowerUps:
  - {fileID: 8070732815819549380}
  - {fileID: 8070732814876168709}
  - {fileID: 8070732816046726647}
  - {fileID: 8070732816219817007}
  TimeToAppear: 25
--- !u!1001 &4299389652589308621
PrefabInstance:
  m_ObjectHideFlags: 0
  serializedVersion: 2
  m_Modification:
    m_TransformParent: {fileID: 4299389652948795977}
    m_Modifications:
    - target: {fileID: 5452593200597151456, guid: 99e467db985e02e488e12347be4e9854,
        type: 3}
      propertyPath: m_Sprite
      value: 
      objectReference: {fileID: 21300000, guid: 00c7a245020c3db4c9db2ae36fa8c285,
        type: 3}
    - target: {fileID: 5452593200597151457, guid: 99e467db985e02e488e12347be4e9854,
        type: 3}
      propertyPath: m_SpriteTilingProperty.oldSize.x
      value: 1.973
      objectReference: {fileID: 0}
    - target: {fileID: 5452593200597151457, guid: 99e467db985e02e488e12347be4e9854,
        type: 3}
      propertyPath: m_SpriteTilingProperty.oldSize.y
      value: 2.7809389
      objectReference: {fileID: 0}
    - target: {fileID: 5452593200597151458, guid: 99e467db985e02e488e12347be4e9854,
        type: 3}
      propertyPath: m_Name
      value: TripleShoot
      objectReference: {fileID: 0}
    - target: {fileID: 5452593200597151462, guid: 99e467db985e02e488e12347be4e9854,
        type: 3}
      propertyPath: duration
      value: 10
      objectReference: {fileID: 0}
    - target: {fileID: 5452593200597151463, guid: 99e467db985e02e488e12347be4e9854,
        type: 3}
      propertyPath: m_LocalPosition.x
      value: -11
      objectReference: {fileID: 0}
    - target: {fileID: 5452593200597151463, guid: 99e467db985e02e488e12347be4e9854,
        type: 3}
      propertyPath: m_LocalPosition.y
      value: 4.2
      objectReference: {fileID: 0}
    - target: {fileID: 5452593200597151463, guid: 99e467db985e02e488e12347be4e9854,
        type: 3}
      propertyPath: m_LocalPosition.z
      value: 0
      objectReference: {fileID: 0}
    - target: {fileID: 5452593200597151463, guid: 99e467db985e02e488e12347be4e9854,
        type: 3}
      propertyPath: m_LocalRotation.x
      value: 0
      objectReference: {fileID: 0}
    - target: {fileID: 5452593200597151463, guid: 99e467db985e02e488e12347be4e9854,
        type: 3}
      propertyPath: m_LocalRotation.y
      value: 0
      objectReference: {fileID: 0}
    - target: {fileID: 5452593200597151463, guid: 99e467db985e02e488e12347be4e9854,
        type: 3}
      propertyPath: m_LocalRotation.z
      value: 0
      objectReference: {fileID: 0}
    - target: {fileID: 5452593200597151463, guid: 99e467db985e02e488e12347be4e9854,
        type: 3}
      propertyPath: m_LocalRotation.w
      value: 1
      objectReference: {fileID: 0}
    - target: {fileID: 5452593200597151463, guid: 99e467db985e02e488e12347be4e9854,
        type: 3}
      propertyPath: m_RootOrder
      value: 3
      objectReference: {fileID: 0}
    - target: {fileID: 5452593200597151463, guid: 99e467db985e02e488e12347be4e9854,
        type: 3}
      propertyPath: m_LocalEulerAnglesHint.x
      value: 0
      objectReference: {fileID: 0}
    - target: {fileID: 5452593200597151463, guid: 99e467db985e02e488e12347be4e9854,
        type: 3}
      propertyPath: m_LocalEulerAnglesHint.y
      value: 0
      objectReference: {fileID: 0}
    - target: {fileID: 5452593200597151463, guid: 99e467db985e02e488e12347be4e9854,
        type: 3}
      propertyPath: m_LocalEulerAnglesHint.z
      value: 0
      objectReference: {fileID: 0}
    m_RemovedComponents: []
  m_SourcePrefab: {fileID: 100100000, guid: 99e467db985e02e488e12347be4e9854, type: 3}
--- !u!1 &8070732816219817007 stripped
GameObject:
  m_CorrespondingSourceObject: {fileID: 5452593200597151458, guid: 99e467db985e02e488e12347be4e9854,
    type: 3}
  m_PrefabInstance: {fileID: 4299389652589308621}
  m_PrefabAsset: {fileID: 0}
--- !u!4 &8070732816219817002 stripped
Transform:
  m_CorrespondingSourceObject: {fileID: 5452593200597151463, guid: 99e467db985e02e488e12347be4e9854,
    type: 3}
  m_PrefabInstance: {fileID: 4299389652589308621}
  m_PrefabAsset: {fileID: 0}
--- !u!1001 &4299389652760015637
PrefabInstance:
  m_ObjectHideFlags: 0
  serializedVersion: 2
  m_Modification:
    m_TransformParent: {fileID: 4299389652948795977}
    m_Modifications:
    - target: {fileID: 5452593200597151458, guid: 10c7cccacdd1cf346a31a831489dca80,
        type: 3}
      propertyPath: m_Name
      value: x2
      objectReference: {fileID: 0}
    - target: {fileID: 5452593200597151462, guid: 10c7cccacdd1cf346a31a831489dca80,
        type: 3}
      propertyPath: duration
      value: 10
      objectReference: {fileID: 0}
    - target: {fileID: 5452593200597151463, guid: 10c7cccacdd1cf346a31a831489dca80,
        type: 3}
      propertyPath: m_LocalPosition.x
      value: 17.9
      objectReference: {fileID: 0}
    - target: {fileID: 5452593200597151463, guid: 10c7cccacdd1cf346a31a831489dca80,
        type: 3}
      propertyPath: m_LocalPosition.y
      value: 4.6
      objectReference: {fileID: 0}
    - target: {fileID: 5452593200597151463, guid: 10c7cccacdd1cf346a31a831489dca80,
        type: 3}
      propertyPath: m_LocalPosition.z
      value: 0
      objectReference: {fileID: 0}
    - target: {fileID: 5452593200597151463, guid: 10c7cccacdd1cf346a31a831489dca80,
        type: 3}
      propertyPath: m_LocalRotation.x
      value: 0
      objectReference: {fileID: 0}
    - target: {fileID: 5452593200597151463, guid: 10c7cccacdd1cf346a31a831489dca80,
        type: 3}
      propertyPath: m_LocalRotation.y
      value: 0
      objectReference: {fileID: 0}
    - target: {fileID: 5452593200597151463, guid: 10c7cccacdd1cf346a31a831489dca80,
        type: 3}
      propertyPath: m_LocalRotation.z
      value: 0
      objectReference: {fileID: 0}
    - target: {fileID: 5452593200597151463, guid: 10c7cccacdd1cf346a31a831489dca80,
        type: 3}
      propertyPath: m_LocalRotation.w
      value: 1
      objectReference: {fileID: 0}
    - target: {fileID: 5452593200597151463, guid: 10c7cccacdd1cf346a31a831489dca80,
        type: 3}
      propertyPath: m_RootOrder
      value: 2
      objectReference: {fileID: 0}
    - target: {fileID: 5452593200597151463, guid: 10c7cccacdd1cf346a31a831489dca80,
        type: 3}
      propertyPath: m_LocalEulerAnglesHint.x
      value: 0
      objectReference: {fileID: 0}
    - target: {fileID: 5452593200597151463, guid: 10c7cccacdd1cf346a31a831489dca80,
        type: 3}
      propertyPath: m_LocalEulerAnglesHint.y
      value: 0
      objectReference: {fileID: 0}
    - target: {fileID: 5452593200597151463, guid: 10c7cccacdd1cf346a31a831489dca80,
        type: 3}
      propertyPath: m_LocalEulerAnglesHint.z
      value: 0
      objectReference: {fileID: 0}
    m_RemovedComponents: []
  m_SourcePrefab: {fileID: 100100000, guid: 10c7cccacdd1cf346a31a831489dca80, type: 3}
--- !u!1 &8070732816046726647 stripped
GameObject:
  m_CorrespondingSourceObject: {fileID: 5452593200597151458, guid: 10c7cccacdd1cf346a31a831489dca80,
    type: 3}
  m_PrefabInstance: {fileID: 4299389652760015637}
  m_PrefabAsset: {fileID: 0}
--- !u!4 &8070732816046726642 stripped
Transform:
  m_CorrespondingSourceObject: {fileID: 5452593200597151463, guid: 10c7cccacdd1cf346a31a831489dca80,
    type: 3}
  m_PrefabInstance: {fileID: 4299389652760015637}
  m_PrefabAsset: {fileID: 0}
--- !u!1001 &4299389653071332390
PrefabInstance:
  m_ObjectHideFlags: 0
  serializedVersion: 2
  m_Modification:
    m_TransformParent: {fileID: 4299389652948795977}
    m_Modifications:
    - target: {fileID: 5452593200597151458, guid: 8e9a6821f043235419bce12f5d3cf84e,
        type: 3}
      propertyPath: m_Name
      value: Health
      objectReference: {fileID: 0}
    - target: {fileID: 5452593200597151463, guid: 8e9a6821f043235419bce12f5d3cf84e,
        type: 3}
      propertyPath: m_LocalPosition.x
      value: 14.9
      objectReference: {fileID: 0}
    - target: {fileID: 5452593200597151463, guid: 8e9a6821f043235419bce12f5d3cf84e,
        type: 3}
      propertyPath: m_LocalPosition.y
      value: -9.1
      objectReference: {fileID: 0}
    - target: {fileID: 5452593200597151463, guid: 8e9a6821f043235419bce12f5d3cf84e,
        type: 3}
      propertyPath: m_LocalPosition.z
      value: 0
      objectReference: {fileID: 0}
    - target: {fileID: 5452593200597151463, guid: 8e9a6821f043235419bce12f5d3cf84e,
        type: 3}
      propertyPath: m_LocalRotation.x
      value: 0
      objectReference: {fileID: 0}
    - target: {fileID: 5452593200597151463, guid: 8e9a6821f043235419bce12f5d3cf84e,
        type: 3}
      propertyPath: m_LocalRotation.y
      value: 0
      objectReference: {fileID: 0}
    - target: {fileID: 5452593200597151463, guid: 8e9a6821f043235419bce12f5d3cf84e,
        type: 3}
      propertyPath: m_LocalRotation.z
      value: 0
      objectReference: {fileID: 0}
    - target: {fileID: 5452593200597151463, guid: 8e9a6821f043235419bce12f5d3cf84e,
        type: 3}
      propertyPath: m_LocalRotation.w
      value: 1
      objectReference: {fileID: 0}
    - target: {fileID: 5452593200597151463, guid: 8e9a6821f043235419bce12f5d3cf84e,
        type: 3}
      propertyPath: m_RootOrder
      value: 0
      objectReference: {fileID: 0}
    - target: {fileID: 5452593200597151463, guid: 8e9a6821f043235419bce12f5d3cf84e,
        type: 3}
      propertyPath: m_LocalEulerAnglesHint.x
      value: 0
      objectReference: {fileID: 0}
    - target: {fileID: 5452593200597151463, guid: 8e9a6821f043235419bce12f5d3cf84e,
        type: 3}
      propertyPath: m_LocalEulerAnglesHint.y
      value: 0
      objectReference: {fileID: 0}
    - target: {fileID: 5452593200597151463, guid: 8e9a6821f043235419bce12f5d3cf84e,
        type: 3}
      propertyPath: m_LocalEulerAnglesHint.z
      value: 0
      objectReference: {fileID: 0}
    m_RemovedComponents: []
  m_SourcePrefab: {fileID: 100100000, guid: 8e9a6821f043235419bce12f5d3cf84e, type: 3}
--- !u!1 &8070732815819549380 stripped
GameObject:
  m_CorrespondingSourceObject: {fileID: 5452593200597151458, guid: 8e9a6821f043235419bce12f5d3cf84e,
    type: 3}
  m_PrefabInstance: {fileID: 4299389653071332390}
  m_PrefabAsset: {fileID: 0}
--- !u!4 &8070732815819549377 stripped
Transform:
  m_CorrespondingSourceObject: {fileID: 5452593200597151463, guid: 8e9a6821f043235419bce12f5d3cf84e,
    type: 3}
  m_PrefabInstance: {fileID: 4299389653071332390}
  m_PrefabAsset: {fileID: 0}
--- !u!1001 &4299389653930605799
PrefabInstance:
  m_ObjectHideFlags: 0
  serializedVersion: 2
  m_Modification:
    m_TransformParent: {fileID: 4299389652948795977}
    m_Modifications:
    - target: {fileID: 5452593200597151456, guid: b824bb9594233f940b55a72c61989bda,
        type: 3}
      propertyPath: m_Sprite
      value: 
      objectReference: {fileID: 21300000, guid: e77b3234b35d5bc45a70b3317c013465,
        type: 3}
    - target: {fileID: 5452593200597151457, guid: b824bb9594233f940b55a72c61989bda,
        type: 3}
      propertyPath: m_SpriteTilingProperty.oldSize.x
      value: 2.1820002
      objectReference: {fileID: 0}
    - target: {fileID: 5452593200597151457, guid: b824bb9594233f940b55a72c61989bda,
        type: 3}
      propertyPath: m_SpriteTilingProperty.oldSize.y
      value: 3.0072248
      objectReference: {fileID: 0}
    - target: {fileID: 5452593200597151458, guid: b824bb9594233f940b55a72c61989bda,
        type: 3}
      propertyPath: m_Name
      value: DoubleSpeed
      objectReference: {fileID: 0}
    - target: {fileID: 5452593200597151462, guid: b824bb9594233f940b55a72c61989bda,
        type: 3}
      propertyPath: duration
      value: 10
      objectReference: {fileID: 0}
    - target: {fileID: 5452593200597151463, guid: b824bb9594233f940b55a72c61989bda,
        type: 3}
      propertyPath: m_LocalPosition.x
      value: -19.4
      objectReference: {fileID: 0}
    - target: {fileID: 5452593200597151463, guid: b824bb9594233f940b55a72c61989bda,
        type: 3}
      propertyPath: m_LocalPosition.y
      value: -9.5
      objectReference: {fileID: 0}
    - target: {fileID: 5452593200597151463, guid: b824bb9594233f940b55a72c61989bda,
        type: 3}
      propertyPath: m_LocalPosition.z
      value: 0
      objectReference: {fileID: 0}
    - target: {fileID: 5452593200597151463, guid: b824bb9594233f940b55a72c61989bda,
        type: 3}
      propertyPath: m_LocalRotation.x
      value: 0
      objectReference: {fileID: 0}
    - target: {fileID: 5452593200597151463, guid: b824bb9594233f940b55a72c61989bda,
        type: 3}
      propertyPath: m_LocalRotation.y
      value: 0
      objectReference: {fileID: 0}
    - target: {fileID: 5452593200597151463, guid: b824bb9594233f940b55a72c61989bda,
        type: 3}
      propertyPath: m_LocalRotation.z
      value: 0
      objectReference: {fileID: 0}
    - target: {fileID: 5452593200597151463, guid: b824bb9594233f940b55a72c61989bda,
        type: 3}
      propertyPath: m_LocalRotation.w
      value: 1
      objectReference: {fileID: 0}
    - target: {fileID: 5452593200597151463, guid: b824bb9594233f940b55a72c61989bda,
        type: 3}
      propertyPath: m_RootOrder
      value: 1
      objectReference: {fileID: 0}
    - target: {fileID: 5452593200597151463, guid: b824bb9594233f940b55a72c61989bda,
        type: 3}
      propertyPath: m_LocalEulerAnglesHint.x
      value: 0
      objectReference: {fileID: 0}
    - target: {fileID: 5452593200597151463, guid: b824bb9594233f940b55a72c61989bda,
        type: 3}
      propertyPath: m_LocalEulerAnglesHint.y
      value: 0
      objectReference: {fileID: 0}
    - target: {fileID: 5452593200597151463, guid: b824bb9594233f940b55a72c61989bda,
        type: 3}
      propertyPath: m_LocalEulerAnglesHint.z
      value: 0
      objectReference: {fileID: 0}
    m_RemovedComponents: []
  m_SourcePrefab: {fileID: 100100000, guid: b824bb9594233f940b55a72c61989bda, type: 3}
--- !u!1 &8070732814876168709 stripped
GameObject:
  m_CorrespondingSourceObject: {fileID: 5452593200597151458, guid: b824bb9594233f940b55a72c61989bda,
    type: 3}
  m_PrefabInstance: {fileID: 4299389653930605799}
  m_PrefabAsset: {fileID: 0}
--- !u!4 &8070732814876168704 stripped
Transform:
  m_CorrespondingSourceObject: {fileID: 5452593200597151463, guid: b824bb9594233f940b55a72c61989bda,
    type: 3}
  m_PrefabInstance: {fileID: 4299389653930605799}
  m_PrefabAsset: {fileID: 0}
